
@article{brianJOCN,
  title   = {Flexible Silicon Photonic Architecture for Accelerating Distributed Deep Learning},
  journal = {Journal of Optical Communications and Networking},
  author  = {Wu, Zhenguo and Dai, Liang Yuan and Wang, Yuyang and Wang, Songli and Bergman, Keren},
  year    = {2023},
  note    = {to appear}
}


@inproceedings{wangCharacterizationApplicationsSpatial2020,
  title     = {Characterization and {Applications} of {Spatial} {Variation} {Models} for {Silicon} {Microring}-{Based} {Optical} {Transceivers}},
  booktitle = {2020 57th {ACM}/{IEEE} {Design} {Automation} {Conference} ({DAC})},
  publisher = {IEEE},
  author    = {Wang, Yuyang and Hulme, Jared and Sun, Peng and Jain, Mudit and Seyedi, M. Ashkan and Fiorentino, Marco and Beausoleil, Raymond G. and Cheng, Kwang-Ting},
  month     = jul,
  year      = {2020},
  pages     = {1--6}
}


@inproceedings{wangDispersionEngineeredFabricationRobustSOI2023,
  title     = {Dispersion-{Engineered} and {Fabrication}-{Robust} {SOI} {Waveguides} for {Ultra}-{Broadband} {DWDM}},
  booktitle = {Optical {Fiber} {Communication} {Conference} ({OFC}) 2023},
  publisher = {Optica Publishing Group},
  author    = {Wang, Yuyang and Wang, Songli and Novick, Asher and James, Aneek and Parsons, Robert and Rizzo, Anthony and Bergman, Keren},
  year      = {2023},
  pages     = {Th3A.4}
}


@article{wangEnergyEfficiencyYield2021,
  title   = {Energy {Efficiency} and {Yield} {Optimization} for {Optical} {Interconnects} via {Transceiver} {Grouping}},
  volume  = {39},
  number  = {6},
  journal = {Journal of Lightwave Technology},
  author  = {Wang, Yuyang and Sun, Peng and Hulme, Jared and Seyedi, M. Ashkan and Fiorentino, Marco and Beausoleil, Raymond G. and Cheng, Kwang-Ting},
  month   = mar,
  year    = {2021},
  pages   = {1567--1578}
}


@inproceedings{wangScalableArchitectureSubpJ2023,
  title     = {Scalable architecture for sub-{pJ}/b multi-{Tbps} comb-driven {DWDM} silicon photonic transceiver},
  booktitle = {Next-{Generation} {Optical} {Communication}: {Components}, {Sub}-{Systems}, and {Systems} {XII}},
  publisher = {SPIE},
  author    = {Wang, Yuyang and Novick, Asher and Parsons, Robert and Wang, Songli and Jang, Kaylx and James, Aneek and Hattink, Maarten and Gopal, Vignesh and Rizzo, Anthony and Chiu, Chia-Pin and Hosseini, Kaveh and Hoang, Tim Tri and Bergman, Keren},
  editor    = {Li, Guifang and Nakajima, Kazuhide and Srivastava, Atul K.},
  month     = mar,
  year      = {2023},
  pages     = {55}
}
