
@misc{ResearchPictureWorth,
  title      = {Research: {Is} {A} {Picture} {Worth} 1,000 {Words} {Or} 60,000 {Words} in {Marketing}? {\textbar} {Emailaudience}},
  shorttitle = {Research},
  url        = {https://www.emailaudience.com/research-picture-worth-1000-words-marketing/},
  abstract   = {You might accept the oft-used statement that people process visuals 60,000x faster than words. While itâ€™s frequently stated as a fact, it is actually just},
  language   = {en-US},
  urldate    = {2023-11-26},
  file       = {Snapshot:/Users/wyy/Zotero/storage/WVIICTSE/research-picture-worth-1000-words-marketing.html:text/html}
}

@misc{TypesColourBlindness,
  title    = {Types of {Colour} {Blindness}},
  url      = {https://www.colourblindawareness.org/colour-blindness/types-of-colour-blindness/},
  language = {en-GB},
  urldate  = {2023-11-15},
  journal  = {Colour Blind Awareness},
  file     = {Snapshot:/Users/wyy/Zotero/storage/P7D3VATF/types-of-colour-blindness.html:text/html}
}
