
@misc{EducationPaysBureau,
  title      = {Education pays : {U}.{S}. {Bureau} of {Labor} {Statistics}},
  shorttitle = {Education pays},
  url        = {https://www.bls.gov/emp/tables/unemployment-earnings-education.htm},
  abstract   = {Unemployment rates and earnings by educational attainment},
  language   = {en},
  urldate    = {2023-11-26},
  file       = {Snapshot:/Users/wyy/Zotero/storage/YXZBIX64/unemployment-earnings-education.html:text/html}
}
