
@inproceedings{wangScalableArchitectureSubpJ2023,
  address   = {San Francisco, United States},
  title     = {Scalable architecture for sub-{pJ}/b multi-{Tbps} comb-driven {DWDM} silicon photonic transceiver},
  copyright = {All rights reserved},
  isbn      = {978-1-5106-5963-6 978-1-5106-5964-3},
  url       = {https://www.spiedigitallibrary.org/conference-proceedings-of-spie/12429/2649506/Scalable-architecture-for-sub-pJ-b-multi-Tbps-comb-driven/10.1117/12.2649506.full},
  doi       = {10.1117/12.2649506},
  urldate   = {2023-03-18},
  booktitle = {Next-{Generation} {Optical} {Communication}: {Components}, {Sub}-{Systems}, and {Systems} {XII}},
  publisher = {SPIE},
  author    = {Wang, Yuyang and Novick, Asher and Parsons, Robert and Wang, Songli and Jang, Kaylx and James, Aneek and Hattink, Maarten and Gopal, Vignesh and Rizzo, Anthony and Chiu, Chia-Pin and Hosseini, Kaveh and Hoang, Tim Tri and Bergman, Keren},
  editor    = {Li, Guifang and Nakajima, Kazuhide and Srivastava, Atul K.},
  month     = mar,
  year      = {2023},
  pages     = {55},
  file      = {Wang et al_2023_Scalable architecture for sub-pJ-b multi-Tbps comb-driven DWDM silicon photonic.pdf:/Users/wyy/Library/CloudStorage/GoogleDrive-yw3831@columbia.edu/My Drive/Zotero/Wang et al_2023_Scalable architecture for sub-pJ-b multi-Tbps comb-driven DWDM silicon photonic.pdf:application/pdf}
}
